<?xml version="1.0" encoding="UTF-8"?><record xmlns="http://www.loc.gov/MARC21/slim" xmlns:cinclude="http://apache.org/cocoon/include/1.0" xmlns:zs="http://www.loc.gov/zing/srw/">
  <leader>03928cz  a2200385n  4500</leader>
  <controlfield tag="001">n  50021499 </controlfield>
  <controlfield tag="003">DLC</controlfield>
  <controlfield tag="005">20160415075406.0</controlfield>
  <controlfield tag="008">800613n| azannaabn          |a aaa      </controlfield>
  <datafield tag="010" ind1=" " ind2=" ">
    <subfield code="a">n  50021499 </subfield>
  </datafield>
  <datafield tag="035" ind1=" " ind2=" ">
    <subfield code="a">(OCoLC)oca00056922</subfield>
  </datafield>
  <datafield tag="040" ind1=" " ind2=" ">
    <subfield code="a">DLC</subfield>
    <subfield code="b">eng</subfield>
    <subfield code="e">rda</subfield>
    <subfield code="c">DLC</subfield>
    <subfield code="d">UPB</subfield>
    <subfield code="d">DLC</subfield>
    <subfield code="d">IEN</subfield>
    <subfield code="d">UPB</subfield>
  </datafield>
  <datafield tag="046" ind1=" " ind2=" ">
    <subfield code="f">1928-07-07</subfield>
    <subfield code="g">2014-01-06</subfield>
    <subfield code="2">edtf</subfield>
  </datafield>
  <datafield tag="053" ind1=" " ind2="0">
    <subfield code="a">PS3601.N445</subfield>
  </datafield>
  <datafield tag="100" ind1="1" ind2=" ">
    <subfield code="a">Andersen, Wayne,</subfield>
    <subfield code="d">1928-2014</subfield>
  </datafield>
  <datafield tag="370" ind1=" " ind2=" ">
    <subfield code="a">Iowa</subfield>
    <subfield code="b">Watertown (Mass.)</subfield>
    <subfield code="2">naf</subfield>
  </datafield>
  <datafield tag="372" ind1=" " ind2=" ">
    <subfield code="a">Art--History</subfield>
    <subfield code="a">Architecture</subfield>
    <subfield code="2">lcsh</subfield>
  </datafield>
  <datafield tag="373" ind1=" " ind2=" ">
    <subfield code="a">Massachusetts Institute of Technology</subfield>
    <subfield code="2">naf</subfield>
  </datafield>
  <datafield tag="373" ind1=" " ind2=" ">
    <subfield code="a">Columbia University</subfield>
    <subfield code="2">naf</subfield>
  </datafield>
  <datafield tag="373" ind1=" " ind2=" ">
    <subfield code="a">Hayden Gallery</subfield>
    <subfield code="2">naf</subfield>
  </datafield>
  <datafield tag="374" ind1=" " ind2=" ">
    <subfield code="a">College teachers</subfield>
    <subfield code="a">Art consultants</subfield>
    <subfield code="2">lcsh</subfield>
  </datafield>
  <datafield tag="375" ind1=" " ind2=" ">
    <subfield code="a">male</subfield>
  </datafield>
  <datafield tag="377" ind1=" " ind2=" ">
    <subfield code="a">eng</subfield>
  </datafield>
  <datafield tag="378" ind1=" " ind2=" ">
    <subfield code="q">Wayne Vesti</subfield>
  </datafield>
  <datafield tag="400" ind1="1" ind2=" ">
    <subfield code="w">nnea</subfield>
    <subfield code="a">Andersen, Wayne V.</subfield>
  </datafield>
  <datafield tag="400" ind1="1" ind2=" ">
    <subfield code="a">Andersen, Wayne (Wayne V.)</subfield>
  </datafield>
  <datafield tag="510" ind1="2" ind2=" ">
    <subfield code="w">r</subfield>
    <subfield code="i">Employer:</subfield>
    <subfield code="a">Massachusetts Institute of Technology</subfield>
  </datafield>
  <datafield tag="510" ind1="2" ind2=" ">
    <subfield code="w">r</subfield>
    <subfield code="i">Graduate of:</subfield>
    <subfield code="a">Columbia University</subfield>
  </datafield>
  <datafield tag="670" ind1=" " ind2=" ">
    <subfield code="a">The sculpture of Herbert Ferber, 1962:</subfield>
    <subfield code="b">title page (Wayne V. Andersen, director of the exhibition)</subfield>
  </datafield>
  <datafield tag="670" ind1=" " ind2=" ">
    <subfield code="a">Freud, Leonardo da Vinci, and the vulture's tail, 2001:</subfield>
    <subfield code="b">title page (Wayne Andersen)</subfield>
  </datafield>
  <datafield tag="670" ind1=" " ind2=" ">
    <subfield code="a">Info. converted from 678, 2012-10-02</subfield>
    <subfield code="b">(b. 1928)</subfield>
  </datafield>
  <datafield tag="670" ind1=" " ind2=" ">
    <subfield code="a">The ara pacis of Augusts and Mussolini, 2003:</subfield>
    <subfield code="b">title page (by Wayne Andersen) title page verso (Andersen, Wayne V. 1928- ) back cover (Wayne Andersen received his PH. D. in art history and archeology from Columbia University; he is a professor emeritus in architecture at Massachusetts Institute of Technology and he also taught at Columbia, Harvard, and Yale)</subfield>
  </datafield>
  <datafield tag="670" ind1=" " ind2=" ">
    <subfield code="a">CeĚzanne and the eternal feminine, 2004:</subfield>
    <subfield code="b">title page (Wayne Andersen)</subfield>
  </datafield>
  <datafield tag="670" ind1=" " ind2=" ">
    <subfield code="a">SA+P, via WWW, April 13, 2016</subfield>
    <subfield code="b">(MIT School of Archecture + Planning; Wayne Vesti Andersen: 1928-2014; Wayne Andersen, professor emeritus of history, theory and criticism of art and architecture, died January 6 at age 85; Andersen was a scholar, author, lecturer and consultant to corporations and government agencies; after completing his Ph. D. at Columbia, Andersen was brought to MIT to introduce the history of art as an undergraduate offering and to develop a program of visual arts for the Institute; as director of the Hayden Gallery, he generated national interest in MIT as a sponsor of contemporary art, with original exhibitions of the work of Hans Haacke, Takis, the Park Place Group and the photographer Minor White, among others; in 1969 he created the Moon Show, a multimedia exhibit combining film, historic images, Neil Armstrong's moon photographs and one of the first public exhibits of moon dust collected by the Apollo 11 astronauts; he was chairman of MIT's Committee on the Visual Arts from 1965 to 1977; with Stanford Anderson and Henry Millon, Andersen co-founded the program in the History, Theory and Criticism of Art and Architecture, a program in the department of architecture; starting in the late 1970s, Andersen was one of the first corporate art consultants to advise companies on how to enrich their environment as part of their corporate identity; he built art collections for companies including IBM, AT&amp;T, Wells Fargo Bank, Northrop Corporation and Texas Instruments; in 1986 he founded Vesti Design International, specializing in integral art installations; Andersen was the author of 14 books, including Gauguin's Paradise Lost (1971) and The Youth of Cezanne and Zola (2003); Andersen was born on a farm in Hinton IA, one of 10 children of parents of Danish descent; he revisited his love of farm life by creating Vesti Arabians, an Arabian horse breeding farm that he operated in Woodstock VT for 10 years; in addition to his MIT position, he was a visiting professor at Harvard, Yale, and Columbia universities)</subfield>
  </datafield>
  <datafield tag="670" ind1=" " ind2=" ">
    <subfield code="a">ancestry.com, April 13, 2016</subfield>
    <subfield code="b">(Wayne Vesti Andersen; born July 7, 1928 in Souix City, Woodbury, Iowa; died January 6, 2014 in Watertown, Massachusetts)</subfield>
  </datafield>
</record>